<record><leader>00000cas a22000007a 4500</leader><controlfield tag="001">31805935</controlfield><controlfield tag="008">950112d19911992okuwr n       0    0eng d</controlfield><datafield ind1=" " ind2=" " tag="010"><subfield code="a">sn 95076001 </subfield></datafield><datafield ind1=" " ind2=" " tag="040"><subfield code="a">OBN</subfield><subfield code="b">eng</subfield><subfield code="c">OBN</subfield><subfield code="d">OCL</subfield><subfield code="d">OCLCQ</subfield><subfield code="d">OCLCF</subfield><subfield code="d">OCLCO</subfield></datafield><datafield ind1="1" ind2=" " tag="029"><subfield code="a">AU@</subfield><subfield code="b">000011501883</subfield></datafield><datafield ind1=" " ind2=" " tag="042"><subfield code="a">msc</subfield></datafield><datafield ind1=" " ind2=" " tag="043"><subfield code="a">n-us-ok</subfield></datafield><datafield ind1="0" ind2="0" tag="245"><subfield code="a">Atoka Indian citizen.</subfield></datafield><datafield ind1=" " ind2=" " tag="260"><subfield code="a">Atoka, Okla. :</subfield><subfield code="b">Steve McGilberry</subfield></datafield><datafield ind1=" " ind2=" " tag="300"><subfield code="a">v.</subfield></datafield><datafield ind1=" " ind2=" " tag="310"><subfield code="a">Weekly</subfield></datafield><datafield ind1="0" ind2=" " tag="362"><subfield code="a">Vol. 106, no. 32 (Nov. 6, 1991)-v. 107, no. 34 (Dec. 2, 1992).</subfield></datafield><datafield ind1=" " ind2="0" tag="651"><subfield code="a">Atoka (Okla.)</subfield><subfield code="v">Newspapers.</subfield></datafield><datafield ind1=" " ind2="0" tag="651"><subfield code="a">Atoka County (Okla.)</subfield><subfield code="v">Newspapers.</subfield></datafield><datafield ind1=" " ind2="7" tag="655"><subfield code="a">Newspapers.</subfield><subfield code="2">fast</subfield><subfield code="0">(OCoLC)fst01423814</subfield></datafield><datafield ind1=" " ind2="7" tag="651"><subfield code="a">Oklahoma</subfield><subfield code="z">Atoka.</subfield><subfield code="2">fast</subfield><subfield code="0">(OCoLC)fst01221557</subfield></datafield><datafield ind1=" " ind2="7" tag="651"><subfield code="a">Oklahoma</subfield><subfield code="z">Atoka County.</subfield><subfield code="2">fast</subfield><subfield code="0">(OCoLC)fst01208704</subfield></datafield><datafield ind1=" " ind2=" " tag="752"><subfield code="a">United States</subfield><subfield code="b">Oklahoma</subfield><subfield code="c">Atoka</subfield><subfield code="d">Atoka.</subfield></datafield><datafield ind1="0" ind2="0" tag="780"><subfield code="t">Indian citizen (Atoka, Okla. : 1958)</subfield><subfield code="w">(DLC)sn 93065940</subfield><subfield code="w">(OCoLC)27344982</subfield></datafield><datafield ind1="0" ind2="0" tag="785"><subfield code="t">Indian citizen democrat (Atoka, Okla. : 1992)</subfield><subfield code="w">(DLC)sn 95076004</subfield><subfield code="w">(OCoLC)31866454</subfield></datafield></record>